<?xml version="1.0" encoding="UTF-8"?>
<record xmlns="http://www.loc.gov/MARC21/slim">
  <leader>00000cas a2200000 i 4500</leader>
  <controlfield tag="001">1586310</controlfield>
  <controlfield tag="008">750901c18699999enkwn p       0   a0eng c</controlfield>
  <datafield ind1=" " ind2=" " tag="010">
    <subfield code="a">   12037118 </subfield>
  </datafield>
  <datafield ind1="0" ind2=" " tag="022">
    <subfield code="a">0028-0836</subfield>
    <subfield code="l">0028-0836</subfield>
    <subfield code="z">0302-2889</subfield>
    <subfield code="2">2</subfield>
  </datafield>
  <datafield ind1=" " ind2="0" tag="222">
    <subfield code="a">Nature</subfield>
    <subfield code="b">(London)</subfield>
  </datafield>
  <datafield ind1="0" ind2="0" tag="245">
    <subfield code="a">Nature.</subfield>
  </datafield>
  <datafield ind1="3" ind2=" " tag="246">
    <subfield code="a">International weekly journal of science</subfield>
  </datafield>
  <datafield ind1=" " ind2=" " tag="260">
    <subfield code="a">[London, etc.] :</subfield>
    <subfield code="b">[Macmillan Journals Ltd., etc.]</subfield>
  </datafield>
  <datafield ind1=" " ind2=" " tag="300">
    <subfield code="a">volumes :</subfield>
    <subfield code="b">illustrations (some color) portraits ;</subfield>
    <subfield code="c">26-28 cm</subfield>
  </datafield>
  <datafield ind1=" " ind2=" " tag="500">
    <subfield code="a">"International weekly journal of science"--Cover.</subfield>
  </datafield>
  <datafield ind1=" " ind2=" " tag="500">
    <subfield code="a">Founded and for many years edited by Sir J.N. Lockyer.</subfield>
  </datafield>
  <datafield ind1=" " ind2="0" tag="650">
    <subfield code="a">Science</subfield>
    <subfield code="v">Periodicals.</subfield>
  </datafield>
  <datafield ind1=" " ind2="2" tag="650">
    <subfield code="a">Science.</subfield>
  </datafield>
  <datafield ind1=" " ind2="6" tag="650">
    <subfield code="a">Sciences</subfield>
    <subfield code="v">Périodiques.</subfield>
  </datafield>
  <datafield ind1=" " ind2="6" tag="650">
    <subfield code="a">Biologie</subfield>
    <subfield code="v">Périodiques.</subfield>
  </datafield>
  <datafield ind1=" " ind2="6" tag="650">
    <subfield code="a">Physique</subfield>
    <subfield code="v">Périodiques.</subfield>
  </datafield>
  <datafield ind1=" " ind2="7" tag="650">
    <subfield code="a">Hebdomadaires.</subfield>
    <subfield code="2">eclas</subfield>
  </datafield>
  <datafield ind1=" " ind2="7" tag="650">
    <subfield code="a">Sciences.</subfield>
    <subfield code="2">eclas</subfield>
  </datafield>
  <datafield ind1=" " ind2="7" tag="650">
    <subfield code="a">Science.</subfield>
    <subfield code="2">fast</subfield>
    <subfield code="0">(OCoLC)fst01108176</subfield>
  </datafield>
  <datafield ind1="1" ind2="7" tag="650">
    <subfield code="a">Natuurwetenschappen.</subfield>
    <subfield code="2">gtt</subfield>
  </datafield>
  <datafield ind1=" " ind2="7" tag="650">
    <subfield code="a">CIENCIA</subfield>
    <subfield code="x">PUBLICACIONES PERIODICAS.</subfield>
    <subfield code="2">renib</subfield>
  </datafield>
  <datafield ind1="1" ind2="7" tag="650">
    <subfield code="a">NATURAL HISTORY.</subfield>
    <subfield code="2">unbist</subfield>
  </datafield>
  <datafield ind1="1" ind2="7" tag="650">
    <subfield code="a">BIOLOGY.</subfield>
    <subfield code="2">unbist</subfield>
  </datafield>
  <datafield ind1="1" ind2="7" tag="650">
    <subfield code="a">SCIENCE.</subfield>
    <subfield code="2">unbist</subfield>
  </datafield>
  <datafield ind1=" " ind2="0" tag="655">
    <subfield code="a">Electronic journals.</subfield>
  </datafield>
  <datafield ind1=" " ind2="2" tag="655">
    <subfield code="a">Periodicals.</subfield>
  </datafield>
  <datafield ind1=" " ind2="7" tag="655">
    <subfield code="a">Periodicals</subfield>
    <subfield code="z">England</subfield>
    <subfield code="y">1869-9999.</subfield>
    <subfield code="2">aat</subfield>
  </datafield>
  <datafield ind1=" " ind2="7" tag="655">
    <subfield code="a">Periodicals.</subfield>
    <subfield code="2">fast</subfield>
    <subfield code="0">(OCoLC)fst01411641</subfield>
  </datafield>
  <datafield ind1=" " ind2="7" tag="655">
    <subfield code="a">Periodicals.</subfield>
    <subfield code="2">lcgft</subfield>
  </datafield>
  <datafield ind1=" " ind2="7" tag="655">
    <subfield code="a">Periodicals.</subfield>
    <subfield code="2">rbgenr</subfield>
  </datafield>
  <datafield ind1=" " ind2="4" tag="655">
    <subfield code="a">Computer network resources.</subfield>
  </datafield>
  <datafield ind1="1" ind2=" " tag="700">
    <subfield code="a">Lockyer, Norman,</subfield>
    <subfield code="c">Sir,</subfield>
    <subfield code="d">1836-1920,</subfield>
    <subfield code="e">editor.</subfield>
    <subfield code="4">edt</subfield>
  </datafield>
  <datafield ind1="4" ind2="1" tag="856">
    <subfield code="u">http://www.nature.com/nature/</subfield>
  </datafield>
</record>
